<?xml version="1.0" encoding="UTF-8"?><collection xmlns="http://www.loc.gov/MARC21/slim"><record><leader>00435nam--2200121-i-4500</leader><controlfield tag="001">000028612</controlfield><controlfield tag="002">20161230</controlfield><controlfield tag="005">20161230201037</controlfield><controlfield tag="008">060222s1000------------r-----000-0-eng-d</controlfield><datafield ind1=" " ind2=" " tag="080"><subfield code="a">621.382.3</subfield></datafield><datafield ind1=" " ind2=" " tag="245"><subfield code="a">1969 ieee international solid-state circuits conference. digest of technical papers. first edition. publisher: lewis winner</subfield></datafield><datafield ind1=" " ind2=" " tag="260"><subfield code="a">New York, The Institute Of Electrical And Electronics Engineers, Inc., 1969. 194p</subfield></datafield><datafield ind1=" " ind2=" " tag="852"><subfield code="a">32888</subfield></datafield></record></collection>